<?xml version="1.0" encoding="UTF-8"?><record xmlns="http://www.loc.gov/MARC21/slim" xmlns:cinclude="http://apache.org/cocoon/include/1.0" xmlns:zs="http://www.loc.gov/zing/srw/">
  <leader>02009cz  a2200253n  4500</leader>
  <controlfield tag="001">no 96020672 </controlfield>
  <controlfield tag="003">DLC</controlfield>
  <controlfield tag="005">20130319174301.0</controlfield>
  <controlfield tag="008">960422n| azannaabn          |a ana     c</controlfield>
  <datafield tag="010" ind1=" " ind2=" ">
    <subfield code="a">no 96020672 </subfield>
  </datafield>
  <datafield tag="035" ind1=" " ind2=" ">
    <subfield code="a">(OCoLC)oca04062413</subfield>
  </datafield>
  <datafield tag="040" ind1=" " ind2=" ">
    <subfield code="a">AzTeS</subfield>
    <subfield code="b">eng</subfield>
    <subfield code="e">rda</subfield>
    <subfield code="c">AzTeS</subfield>
    <subfield code="d">AzTeS</subfield>
    <subfield code="d">DLC</subfield>
  </datafield>
  <datafield tag="110" ind1="2" ind2=" ">
    <subfield code="a">Walter Cronkite School of Journalism and Telecommunication</subfield>
  </datafield>
  <datafield tag="410" ind1="2" ind2=" ">
    <subfield code="a">Arizona State University.</subfield>
    <subfield code="b">College of Public Programs.</subfield>
    <subfield code="b">Walter Cronkite School of Journalism and Telecommunication</subfield>
  </datafield>
  <datafield tag="410" ind1="2" ind2=" ">
    <subfield code="a">Arizona State University.</subfield>
    <subfield code="b">Walter Cronkite School of Journalism and Telecommunication</subfield>
  </datafield>
  <datafield tag="410" ind1="2" ind2=" ">
    <subfield code="a">Cronkite School of Journalism and Telecommunication</subfield>
  </datafield>
  <datafield tag="510" ind1="2" ind2=" ">
    <subfield code="w">a</subfield>
    <subfield code="a">Arizona State University.</subfield>
    <subfield code="b">Department of Journalism and Telecommunication</subfield>
  </datafield>
  <datafield tag="510" ind1="2" ind2=" ">
    <subfield code="w">b</subfield>
    <subfield code="a">Walter Cronkite School of Journalism and Mass Communication</subfield>
  </datafield>
  <datafield tag="510" ind1="2" ind2=" ">
    <subfield code="w">r</subfield>
    <subfield code="i">Hierarchical superior:</subfield>
    <subfield code="a">Arizona State University.</subfield>
    <subfield code="b">College of Public Programs</subfield>
  </datafield>
  <datafield tag="670" ind1=" " ind2=" ">
    <subfield code="a">Arizona crossroads, c1995:</subfield>
    <subfield code="b">credits (Walter Cronkite School of Journalism and Telecommunication) container (produced by Arizona State University's Walter Cronkite School of Journalism and Telecommunication)</subfield>
  </datafield>
  <datafield tag="670" ind1=" " ind2=" ">
    <subfield code="a">Arizona State University.  General catalog, 1985-86/1986-87:</subfield>
    <subfield code="b">p. 339 (Walter Cronkite School of Journalism and Telecommunication, one of the five units of the College of Public Programs)</subfield>
  </datafield>
  <datafield tag="670" ind1=" " ind2=" ">
    <subfield code="a">Arizona State University.  Report of the President, 1983/1984:</subfield>
    <subfield code="b">p. 4 (During 1983/84 the Dept. of Journalism and Telecommunication was changed to the Walter Cronkite School of Journalism and Telecommunication)</subfield>
  </datafield>
  <datafield tag="670" ind1=" " ind2=" ">
    <subfield code="a">Walter Cronkite School of Journalism and Mass Communication Web site, July 19, 2011:</subfield>
    <subfield code="b">about the school (2001-Cronkite faculty vote to change the school's name from the Walter Cronkite School of Journalism and Telecommunication to the Walter Cronkite School of Journalism and Mass Communication)</subfield>
  </datafield>
  <datafield tag="675" ind1=" " ind2=" ">
    <subfield code="a">The Cronkite journal, 2007: t.p. (Walter Cronkite School of Journalism and Mass Communication, Arizona State University)</subfield>
  </datafield>
</record>